2479 3508
1119 575 216 68 — 289 —

540 640 1374 79 partie d’une nationalité que lorsqu’on appartient à une société qui a acquis

549 698 1365 59 conscience de son autonomie, par l’étude de ses origines ethniques, de ses tra-

549 745 1365 58 ditions, de son histoire, et par une communauté de sentiments de nature à

543 786 1371 61 définir le rôle, le but peut-être, des individus qui la composent, dans l’œuvre

543 836 465 70 générale de la civilisation.

590 879 1327 65 Quant au mot État, il n’appartient guère qu’à l’ethnographie appliquée ou

543 926 1368 65 ethnographie politique. Il exprime la constitution administrative d’un peuple,

543 979 605 58 d’une nation ou d’une nationalité.

587 1023 1327 61 Bien que nous ayons les plus intéressantes questions à discuter dans la

549 1072 1368 59 séance d’aujourd’hui, je ne crois pas que le Congrès puisse regretter d’avoir

546 1116 1368 70 passé quelques heures à définir d’une façon précise certains mots d’une im-

552 1166 1365 64 portance incontestable dans la technologie des sciences ethnographiques. Arri-

552 1216 1368 55 vons, Messieurs, à bien déterminer la valeur de ces mots, à énoncer des

543 1257 1374 61 définitions claires et réfléchies, et nous éviterons à l’avenir les plus fâcheux

543 1303 1374 62 malentendus. Ceux qui, plus tard, seraient tentés de les employer dans un

549 1350 1368 61 sens autre que celui que nous aurons reconnu pour le vrai, se montreront

546 1400 1371 67 par là seuls étrangers à l’ethnographie, et nous concevrons tout d’abord une

549 1444 1368 61 idée du peu d’exactitude de leurs travaux. J’entendrai donc avec un vif intérêt

546 1490 1371 62 toutes les opinions se produire, et si mes définitions sont erronées ou im-

549 1537 1365 64 parfaites, je serai le premier à les abandonner pour le présent et pour l’avenir.

546 1584 371 70 (Applaudissements.)

593 1677 1327 62 M. CASTAING. Messieurs, l’étude à laquelle nous procédons en ce moment

552 1727 1365 62 a pour objet la définition de quelques termes, techniques à notre point de

549 1774 1368 61 vue, et dont l’exacte détermination vous a paru nécessaire pour la continua-

549 1821 1371 58 tion de nos travaux. Après tout ce que nous venons d’entendre, je ne pense

552 1870 1368 62 pas que la solution soit encore atteinte; c’est pourquoi je viens joindre mes

546 1914 1368 65 observations aux vôtres. Permettez-moi d’abord de me souvenir qu’en 1860,

552 1961 1365 67 je fus chargé de préparer, pour le compte de notre Société, une définition

555 2011 1365 58 très importante et du plus haut intérêt pour nos études dont elle devait tracer

552 2052 1082 64 la voie générale: il s’agissait de la définition de l’Ethnographie.

593 2101 1324 62 Je dus commencer par éliminer tous les éléments antérieurs : les diction-

552 2148 1368 62 naires et leurs commodes procédés n’avaient rien à nous donner. N'ayant

549 2198 1365 61 d’autre mission que de saisir le reflet pur et simple du sentiment général,

549 2239 1368 67 opérant sur les langues vivantes comme on le fait sur les langues mortes qui

552 2288 1365 59 n'ont que leur passé, le lexicographe se borne à photographier le langage

558 2341 1365 56 usuel, quel qu’il soit. La vérité même, l’absolue vérité ne l’attire point, et

555 2379 1368 70 jamais il ne descend au fond du puits de la science, dans le dessein de l’y

552 2429 380 61 rencontrer toute nue.

602 2473 1324 64 Nous ne pouvions donc compter que sur nous-mêmes. L’œuvre fut entre-

561 2522 1365 68 prise avec courage, et, lorsqu’elle fut terminée, nous eûmes la conviction que

555 2569 1371 56 nous avions réussi. Notre définition, je l’avoue, ne court point les rues,

558 2610 1368 67 l'heure de ce genre de succès n’est pas encore arrivée; mais, avec le temps,

555 2660 1374 61 elle a grandi, et, ce qui vaut mieux encore, elle vous est restée présente; cela

555 2707 336 64 suffit. (Très bien!)

608 2756 1327 67 Je voudrais qu’il nous fût possible d’en faire autant pour les termes que

713 2823 93 74 N° 5.

1727 2832 59 62 19

958 3379 556 67 Droits reservés eu Cnam et à ses partenaires
