2479 3508
1119 575 216 68 — 287 —

540 648 1377 68 qu’à l’état théorique. J’ai dit, je crois, ce que je pensais de ce mot dans la dis-

543 701 1371 59 cussion que nous avons engagée à propos du métissage. En tout cas, il me

549 751 1365 58 semble qu’il appartient aux anthropologistes de nous en donner la définition

549 798 1368 61 précise, et qu’en ethnographie nous n’avons que médiocrement à nous en

549 844 1365 65 préoccuper. Tant que le problème du monogénisme ou du polygénisme ne

549 894 1368 56 sera pas résolu, — et je n’ose espérer qu’il le soit bientôt, — je me demande

552 938 1359 58 en vain ce que ce mot race peut exprimer sans ambiguïté dans mon esprit.

549 982 1365 61 Linné, Cuvier et bien d’autres savants n’ont vu, dans les dissemblances qui

549 1034 1365 56 se remarquent chez les hommes des différents climats, rien que des variétés.

549 1072 1365 65 En tant qu’ethnographe, il me suffit, pour le moment du moins, de me con-

546 1125 1368 58 former au sentiment de ces illustres naturalistes. Il se présente d’ailleurs au

552 1175 1359 55 sujet de la théorie officielle de l’espèce, — pardonnez-moi cette expression, —

546 1219 1374 58 des difficultés qui m’ont toujours fort embarrassé. L’espèce est en quelque

546 1265 1374 59 sorte immuable en histoire naturelle. La doctrine de Lamarck, de Darwin

546 1312 1371 59 et de leur école, seule la déclare transformable; mais il n’y a là qu’une hypo-

546 1359 1374 61 thèse, fort séduisante, je l’avoue, mais une hypothèse enfin qui semble tarder

552 1409 1368 58 terriblement à être prouvée. Or, si les espèces ont été de tout temps ce qu’elles

552 1455 1371 59 sont aujourd’hui, elles ont été nécessairement l’objet d’une quantité de créa-

546 1499 1374 59 tions séparées égale à leur nombre. Et comme chaque espèce, suivant cette

555 1549 1365 58 théorie, ne dérive de rien, puisqu’elle a été créée, et que créé signifie « formé de

549 1590 1365 67 rien», il en résulte qu’elle a du être fabriquée de toutes pièces, un jour donné,

552 1639 1368 68 juste dans les conditions où nous la trouvons aujourd’hui. Si une pareille doc-

555 1692 1365 59 trine a paru bien simple, logique même aux théologiens, elle est un peu moins

555 1733 1368 64 facile à admettre par les hommes de science. Pour ceux-ci, il n’y a point d’être

552 1783 1365 61 qui n’ait eu un père et une mère, ou tout au moins qui ne soit dérivé d’un orga-

552 1827 1362 64 nisme générateur quelconque. Il faudrait, pour le moins, avec cette théorie,

558 1879 1362 59 admettre que toutes les espèces ont existé de toute éternité, sans affinités entre

552 1926 1368 58 elles, comme autant d’éléments constitutifs de l’univers, — ce qui me tour-

555 1970 1362 64 menterait un peu. Les théologiens qui repoussent avec horreur la doctrine du

561 2014 1362 67 transformisme ne me paraissent pas faire suffisamment attention que cette

561 2063 1365 65 doctrine est, en définitive, celle qui s’accorde le mieux avec leur foi, et qu’elle

555 2110 1368 62 lest peut-être la seule qu’ils puissent adopter, dans l’état actuel de notre sa-

561 2163 1365 58 voir, s’ils ne veulent pas être précipités sur la pente de l’impossible et du

561 2207 149 61 ridicule.

596 2250 1333 62 Je reviens donc sans scrupule, sans crainte de scandaliser des croyances

555 2297 1143 65 respectables, au point de départ de la théorie du transformisme.

605 2344 842 61 17— Des êtres ont-ils pu naître sans générateur?

602 2391 1330 61 — Non, car, sans cela, ils seraient nés de rien, et avec rien on ne fait

555 2438 1371 64 rien, à moins qu’on persiste à supposer un créateur sans ordre et sans raison,

558 2484 1368 65 puisque ce créateur aurait créé un certain jour et pas un autre. Donc le prin-

555 2534 1374 56 cipe primitif des êtres a été le générateur de tous les êtres. — Donc tous les

555 2575 1371 64 êtres dérivent d’un esse primitif, renfermant en soi tous les éléments initia-

555 2622 1374 64 teurs et génériques des autres êtres, c’est-à-dire l’élément matériel dont ils

558 2666 1374 70 sont formés et l’élément vivificateur, animique et progressif qui le met à même

555 2718 956 62 de se modifier, de se transformer, de se perfectionner.

599 2762 1333 70 La doctrine célèbre reconstituée par notre illustre collègue sir Charles Dar-

967 3385 547 64 Droits reservés eu Cnamn et à ses partenaires
