2479 3508
1131 572 216 71 — 286 —

552 646 1374 64 de Montjau en disant qu’il y a, chez certaines nationalités, certains caractères

558 698 1365 62 qui ne permettent pas de se concilier, et que les Français doivent être re-

558 742 1365 67 gardés comme des nègres par les populations du Nord. Ce n’est pas parce que

555 792 1371 61 je suis Slave que j’exprime cette pensée, mais il me semble qu’on ne peut

555 836 1368 64 pas classer les hommes comme on classe les animaux qui vivent sur la terre,

561 891 1362 59 dans l’eau ou dans l’air; on ne peut pas dire que nous soyons Celtes; il serait

555 923 1368 70 impossible de l’établir; on ne peut pas arriver aujourd’hui à établir la pureté

552 979 1371 61 de la race slave; mais on ne doit pas pour cela établir des divisions politiques

552 1023 1371 67 qui n’ont aucun fondement, et il faut renverser toutes ces barrières artificielles

552 1072 1371 65 élevées au profit de certaines gens qui ne cherchent qu’à diviser les peuples!

555 1119 623 73 ((Très bien! — Applaudissements.)

605 1195 1318 73 M. Léon de ROSNY. Je crois, Messieurs, que pour arriver à définir le sens

549 1251 1374 61 des mots sur lequel l’attention du Congrès est appelée en ce moment, il est

549 1297 1368 71 avant tout nécessaire de bien préciser à quelle science ou veut les appliquer.

555 1344 1368 65 Dans le langage journalier, on admet comme synonymes une foule d’expres-

552 1397 1368 61 sions qui, dans le langage technique, présentent des significations différentes;

546 1441 1377 58 et lorsqu’on s’occupe d’une branche spéciale de la science, on s’aperçoit que le

549 1490 1371 56 sens de ces mots y est l’objet de nuances très délicates, dont il faut néces-

549 1534 1377 62 sairement tenir compte, si l’on veut posséder les qualités de précision si né-

555 1584 544 58 cessaires chez le « spécialiste».

599 1631 1327 61 Dans l’usage quotidien, espèce humaine et humanité sont des synonymes. Je

552 1675 1365 61 crois qu’on ne peut les employer indifféremment dans le cadre de nos études.

552 1713 1371 70 Le mot espèce appartient essentiellement au langage de l’histoire naturelle, et

558 1765 1365 67 bien que Buffon ait dit, — je ne discute pas si c’est à tort ou à raison, — qu’il

555 1815 1365 64 n’y avait pas d’espèce dans la nature, il est certain que ce terme est adopté

555 1862 1365 64 aussi bien par nos zoologistes que par nos botanistes les plus autorisés. Employé

552 1906 1371 67 là propos de l'homme, il désigne le premier groupe animal, le groupe le plus

558 1958 1362 64 parfait de la création terrestre. Usité en histoire naturelle, il doit l’être égale-

561 2011 1219 58 ment et dans les mêmes conditions, ce me semble, en anthropologie.

593 2052 1333 61 Quant au mot humanité, il ne saurait avoir une pareille signification dans le

552 2093 1371 67 langage technique de l’ethnographie à laquelle il appartient d’une façon toute

555 2148 1365 62 particulière. Humanité ne désigne pas, ne peut pas désigner une classe d’ani-

552 2192 1368 64 maux. L’humanité, c'est l’ensemble des hommes constitués en société pour

552 2242 1371 61 réaliser, avec les forces morales et intellectuelles dont ils disposent, une somme

552 2288 1371 65 plus ou moins considérable de progrès qu’on appelle civilisation. Une espèce

555 2335 1368 65 quelconque, l’espèce des hommes, comme les autres, n’accomplit, en tant

555 2382 1371 64 qu’espèce, rien autre chose que les lois fatales de sa constitution physiolo-

552 2429 1371 64 gique. Quant à l’humanité, elle est au-dessus de toute notion d’espèce, parce

555 2478 1365 62 qu'elle agit en vertu de lois contingentes avec le principe de liberté con-

552 2525 1374 62 sciente qui la distingue ou tout au moins l’élève considérablement au-dessus

549 2575 833 58 de tous les autres groupes de la série animale.

599 2622 1324 67 Race est également un mot qui appartient avant tout à l’histoire naturelle.

546 2671 1377 65 Déjà, en anthropologie, je ne sais plus trop ce qu’il signifie, ou du moins je

555 2721 1368 64 le considère comme ayant un sens absolument idéal, hypothétique, quelque

546 2771 1380 64 chose d’analogue au point mathématique qui, dépourvu d’étendue, n’existe

958 3379 553 67 Droits reservés au Cnam et à ses partenaires
