2479 3508
1134 593 210 53 — 292 —

593 643 1324 67 Toutes ces questions, Messieurs, sont essentiellement ethnographiques,

552 701 1333 61 puisque les applications varient selon les races : c'est pourquoi j'y ai insisté.

602 739 1312 64 Nationalité, dans le sens d’agrégation d’hommes, est moderne et l’Aca-

549 789 1365 61 démie française ne la connaît que depuis 1835; or, Boiste, auquel elle l’em-

552 841 1365 62 prunte, l’avait attribuée à Napoléon qui aurait dit : « Les Français n’ont point

552 888 1365 59 de nationalité. » Il est difficile de déterminer ce qu’entendait dire le père ou

552 935 1362 64 parrain de l’expression mais en tout cas, il ne la confondait ni avec nation,

546 976 1371 61 ni avec État, et les meilleurs esprits en font la distinction. De là le terme cé-

549 1026 523 64 lèbre : principe des nationalités.

596 1064 1324 67 Les économistes paraissent admettre que la nationalité résulte d’un ensemble.

549 1122 1365 56 de tendances générales dans les idées, d’intérêts communs, d’un but iden-

555 1169 1362 58 tique et de sympathies. Stuart Mill y ajoute, en première ligne, les antécé-

555 1216 1359 58 dents et la possession d’une histoire nationale, selon l’expression de Barante :

552 1257 1359 70 « C’est le souvenir du passé qui constitue la nationalité d’un peuple. » (Bravos.)

558 1303 1362 68 Depuis lors, on a ajouté, avec plus d’élégance que de justesse : « Les guerres

555 1350 807 67 internationales sont les filles des nationalités. »

599 1403 1324 58 La signification actuelle n’est certainement pas la même que celle de race

549 1447 1371 61 ou de nation; elle est plus étendue et comprend une foule d’individus qui ne

549 1490 1371 65 se rattachent point aux autres par les liens de parenté, ou qui ne sont pas sous

546 1537 1374 64 le même gouvernement. Dans l’usage, on dit : « les ouvriers de nationalité ita-

552 1581 1368 67 lienne qui travaillent en France, » ou bien « la nationalité allemande est enva-

552 1631 1368 67 hissante», ou encore « la Suisse est une nation composée de trois nationalités,

552 1686 1371 59 allemande, française, italienne». Dans ce dernier cas, le principal moyen de

549 1733 1374 59 distinction consiste dans l’idiome; mais ce moyen n’est plus applicable en ce-

555 1780 1365 61 qui concerne la France, où l’emploi du breton n’empêche pas ceux qui le parlent

552 1827 1371 61 d’appartenir à la nationalité française; par contre, les Belges, malgré l’identité

555 1876 1371 59 ou la diversité de la langue, forment une nationalité distincte qui n’a de base

555 1923 1321 59 que dans les souvenirs historiques et la communauté supposée des intérêts.

596 1967 1327 58 Dans ces conditions, le sens de nationalité est à fixer : vous pouvez en faire

552 2011 1365 64 ce qu’il vous plaira et ce que vous déciderez sera bien fait : je pense qu’il

549 2063 1371 59 convient de confirmer l’usage en amplifiant le sens et de comprendre dans

549 2107 1377 59 cet ensemble tout ce qui se rattache à la nature principale par la langue, la

549 2154 675 61 sympathie et les souvenirs historiques.

593 2201 1330 61 En résumé, la race est une collection d’individus dont l’ensemble présente

552 2248 1371 61 une telle similitude de caractères qu’on est porté à les considérer comme étant

555 2300 1371 59 apparentés par la descendance ou par des alliances répétées. C'est un fait na-

558 2344 108 58 turel.

593 2385 1333 64 La nation est, en principe, une agrégation politique d’individus soumis au

558 2440 1269 59 même gouvernement et aux mêmes lois. C’est un fait du droit des gens.

599 2484 1324 62 L’État est l’ensemble des pouvoirs, des intérêts des gouvernants ou des gou-

555 2528 1371 64 vernés, d’une nation ou de plusieurs nations associées. C’est également un fait

552 2581 330 58 du droit des gens.

599 2625 1324 64 La nationalité est l’ensemble des individus faisant partie d’une nation ou s’y

555 2671 1371 65 rattachant par un courant d’intérêts, de sympathies et de souvenirs histo-

552 2721 134 64 riques.

602 2765 1327 70 Tel est, Messieurs, le résultat des recherches que j’ai opérées sur ces ques-

967 3385 544 64 Droits reservés eu Cnam et à ses partenaires
