2479 3508
1140 578 210 68 — 293 —

558 646 1374 64 tions. J'espère qu’elles vous paraîtront convaincantes; mais, s’il en est diffé-

558 695 1371 67 remment, je suis prêt à les discuter plus complètement avec vous. (Applau-

558 745 231 64 dissements.)

605 806 619 71 M. HALÉVY. Je demande la parole.

602 862 678 76 M. LE PRÉSIDENT. Vous avez la parole.

608 938 1321 67 M. HALÉVY. Je désire présenter une observation relativement à la différence

558 991 1087 61 qu’il y a, suivant moi, entre la nation, la nationalité et l’État.

602 1031 1327 62 Dans une dissertation très savante, Mme Clémence Royer a parlé de l’État.

555 1075 1371 68 indou; à ce sujet, il faut bien s’entendre. Je crois que l’État n’est pas du tout

561 1125 798 64 la même chose que la nation et la nationalité.

602 1169 1327 67 Les nations sont des nécessités physiques, naturelles, normales, tandis que

555 1213 1374 70 les États sont des nécessités historiques. L’État se forme, soit pour se dé-

555 1265 1371 65 fendre, soit pour attaquer les autres. On a parlé avec raison d’États, de natio-

558 1321 1365 61 nalités indous, mais je ne crois pas qu’avant la conquête musulmane il y

555 1359 1371 64 ait eu une nation indoue. Pour moi, les Indous divisés en castes incohérentes

555 1403 1371 67 formaient, avant cette époque, une agglomération de nationalités distinctes.

555 1447 1371 70 La conquête musulmane, ayant mélangé un grand nombre d’individus de castes

555 1502 1371 61 différentes, jeta pour la première fois les bases d’une nation indoue. Il est vrai

558 1549 1371 61 que ce changement a été réalisé aux dépens de l’ancien ordre de choses et

555 1596 1371 64 grâce à l’adoption de l’Islamisme par une bonne partie des indigènes. De nos

555 1642 1368 65 jours même, les États brahmaniques cèdent au premier choc de l’envahisseur

552 1689 1374 62 et se soumettent à tous ses caprices pourvu qu’on les laisse végéter; tandis

558 1736 1362 64 que les États musulmans se défendent jusqu’à la dernière extrémité. Tant il

552 1783 1377 64 lest vrai que l’Islamisme, malgré ses terribles dévastations, est le véritable créa-

552 1832 462 62 teur d’une nation indoue.

602 1891 1321 70 M. LE PRÉSIDENT. Je rappelle à l’assemblée que nous aurons une séance ce

549 1941 1374 67 soir. Je dois lui annoncer aussi que la collection des photographies, peintures

549 1990 1371 62 et aquarelles d’ethnographie descriptive a été installée dans une salle de ce pa-

546 2031 1374 67 lais, où elle sera mise dès demain à la disposition des membres qui pour-

546 2084 465 64 ront la visiter et l’étudier.

593 2142 1330 70 M. le Dr Gaëtan DELAUNAY. Nous avons discuté sur les races, ce qui est fort

546 2189 1374 67 bien; mais il y a une question, suivant moi très importante, qui devait venir

546 2245 1377 64 en discussion hier, la question des milieux, des climats : elle me paraît être

546 2291 421 65 complètement sacrifiée.

938 2385 587 73 LINFLUENCE DES MILIEUX.

593 2464 1330 73 IM. Ed. MADIER DE MONTJAU. Je demande la permission de rappeler la mo-

543 2516 1368 76 tion que j’ai eu l’honneur de faire dans le but d’avoir, d’ici au mois d’octobre,

543 2566 1374 67 époque de la deuxième session, deux ou trois séances non officielles dans les-

543 2613 1374 67 quelles nous pourrons traiter les sujets qui nous paraissent être les plus im-

543 2660 1374 67 portants parmi ceux sur lesquels, faute de temps, nous n’aurons pu discuter

543 2704 1371 79 dans cette première session. J’insisterai surtout pour la question des milieux,

549 2759 786 64 des climats, car qui dit milieux, dit climats!

967 3385 547 64 Droits reservés eu Cnam et à ses partenaires
