2479 3508
1122 575 216 68 — 285 —

546 640 1377 73 les Espagnols et les Portugais; leurs intérêts ne sont pas les mêmes, ils ne

546 701 775 59 s’aiment pas, ils ne pourront pas se réunir.

590 742 1330 61 Je dirai de même : la branche slave. Comme branche, les Slaves existent

546 795 1368 58 en effet; comme race, ils n’existent pas! Les Bulgares sont aujourd’hui re-

549 838 1365 65 gardés comme Slaves, parce que l’on considère la question de linguistique,

549 885 1368 62 mais il est bien facile de voir qu’ils ne l’ont jamais été; ils appartiennent à la

555 938 1362 58 race touranienne. Les Bulgares sont donc regardés comme Slaves parce qu’ils

549 979 1365 64 parlent la langue slave,  et il ne leur déplaît pas d’être considérés ainsi,

552 1031 1365 62 parce qu’ils trouvent chez les Russes une communauté d’intérêts, une raison

546 1069 1371 68 sociale, commerciale, qui leur permet de vendre leurs blés, leurs bœufs,

549 1119 357 62 tous leurs produits.

590 1166 1333 61 Le même raisonnement peut s’appliquer à la Suisse qui forme, comme on

549 1216 497 61 l’a dit, une seule nationalité.

596 1259 1321 65 Ici, je me permettrai de ne pas être tout à fait d’accord avec Mme Royer;

549 1309 1371 56 non pas que je veuille critiquer ses paroles, je me plais, au contraire, à

558 1359 1359 58 rendre hommage à l’élégance et à la précision qu’elle apporte dans ses dis-

552 1403 1368 58 cours, mais j’ai le regret de dire que, sur le fond de la question, nos opi-

561 1449 655 62 nions vont être ici un peu différentes.

602 1496 1321 65 Suivant moi, nation et nationalité sont deux choses différentes. Je dirai même

558 1549 1365 64 plus; si nous prenons la grande famille non encore développée que vous ap-

555 1590 1365 64 pelez tribu ou plutôt la réunion de plusieurs tribus, nous apercevons déjà un

555 1642 1368 59 caractère spécial au point de vue de la différence ethnique que vous ne con-

549 1683 1374 62 naissez pas; vous reconnaissez très bien le type breton du type normand; ils

555 1736 903 58 sont voisins, et cependant ils ne se confondent pas.

593 1780 1330 61 Donc, pour en revenir à la signification du substantif, nous appellerons

546 1827 1374 58 nationalité ce petit groupe, cette petite nation qui se confond dans la grande

555 1879 1365 56 et forme avec elle une unité collective. C’est ainsi qu’à mon avis on peut

555 1923 646 59 comprendre cette distinction subtile.

599 1973 1324 55 Quant à la question de l’État, c’est une question qu’on peut diviser en

546 2014 1368 67 deux parties : d’un côté, l’État faible se défendant contre le fort; de l’autre,

546 2055 1377 64 l’État fort opprimant le faible. Toutes les nations se rangent dans l’une ou

552 2113 1371 59 dans l’autre de ces deux catégories, selon les circonstances qui appartiennent

546 2151 757 64 à l’histoire du développement des peuples.

596 2204 1327 61 Opprimés, ils se jettent dans les bras d’un homme robuste, un voisin, celui

549 2250 1374 59 qui se trouve le plus près pour les défendre; voilà le premier État, l’État pri-

543 2291 117 62 mitif.

602 2344 1321 64 Aujourd’hui, l’État doit représenter l’association des individus qui ont des

552 2388 1371 64 intérêts communs à défendre contre des individus plus forts au point de vue

549 2435 1377 64 physique ou au point de vue du développement intellectuel; puis vient le

546 2478 1380 71 fonctionnement administratif dont le but est à peu près le même à un autre

546 2531 249 61 point de vue.

590 2575 1333 61 L’Etat doit donc être, en un mot, à notre époque, la représentation des

549 2622 1374 61 sentiments du pays, l’expression des vœux de la majorité; s’il ne représente

555 2671 1365 68 pas la majorité, ce n’est plus l’État du pays proprement dit, c’est l’État de la

549 2715 1374 65 minorité, c’est l’État oppresseur qui exploite l’opprimé! (Très bien! très bien !)

593 2765 1330 64 C’est pour cela que je me suis permis de combattre l’opinion de M. Madier

967 3385 547 64 Droits reservés eu Cnam et à ses partenaires
