2479 3508
1131 572 219 65 — 288 —

561 648 1368 59 win établit une origine unique pour les espèces animales, et leur production

561 698 1365 59 successive par voie de sélection et d’irradiation. Par sélection, on entend la ten-

555 739 1368 61 dance des êtres à s’unir avec les plus parfaits d’entre leurs pareils, avec ceux

561 792 1368 58 qui sont les plus conformes aux exigences des milieux dans lesquels ils sont

564 838 1359 65 placés. Par irradiation, on veut dire que l’être primitif, et par suite l’être souche,

558 879 1365 62 a produit d’autres êtres qui, par les conditions différentes dans lesquelles

561 932 1365 59 ont eu lieu leur conception et leur naissance, par suite des circonstances par-

555 973 1371 61 ticulières à leur lieu de développement, sont appelés à former, chacun, une

555 1020 1371 61 série nouvelle de types, que les autres séries divergentes ne sauraient produire

555 1064 1371 64 à leur tour. Cette doctrine, comme je le disais tout à l’heure, si elle n’est pas

555 1113 1368 62 suffisamment établie sur les faits, est au moins fort attrayante, en ce sens

555 1160 1368 64 qu’elle fournit une explication aussi simple que commode de la genèse des êtres

561 1216 1365 55 organisés. Elle n’est cependant valable, pour le penseur, qu’en tant que, pour-

561 1262 1365 56 suivant ses prémisses, elle se décide à étendre ses principes à tous les règnes

555 1300 1365 65 de la nature, au règne végétal et jusqu’au règne dit inorganique ou minéral.

561 1344 1362 70 Mais alors les difficultés, déjà si nombreuses en ce qui concerne les transfor-

561 1400 1365 61 mations animales, se multiplient et se compliquent lorsqu’il faut expliquer le

561 1447 1362 64 passage du végétal à l’animal, et, dans une mesure bien autrement désespé-

555 1493 1365 62 rante encore, lorsqu’il faut rendre compte du passage du minéral au végétal.

602 1540 1321 61 Je ne puis m’appesantir davantage sur ce sujet qui m’a déjà entraîné dans

555 1584 1368 61 une digression peut-être démesurée, mais qui avait pour but de montrer com-

561 1628 1295 67 bien le point de départ de l’idée de race est encore obscur et inexpliqué.

596 1683 465 59 Je reviens aux définitions.

596 1718 1333 71 Le mot nation appartient déjà à la technologie ethnographique. Est-il, dans

549 1765 743 70 notre domaine, synonyme du mot peuple ?

596 1815 1330 64 Je ne le crois pas : peuple est un mot qui me semble avoir l’antériorité sur le

552 1865 1371 64 mot nation. Il indique l’ensemble des individus qui habitent un pays, que ces

549 1911 1371 65 individus soient ou non de même origine, de même famille, peu importe.

546 1958 1377 64 L'idée de « peuple» dérive directement de celle de « peupler». Les grandes îles

546 2014 1374 55 de la Malaisie sont peuplées d’animaux féroces et carnivores; on n’y trouve

549 2055 1371 64 point une « nation » d’animaux féroces et carnivores. Il suffit, pour faire partie

546 2101 1377 65 d’un peuple, de se soumettre aux lois du pays qu’on habite et de participer à

546 2151 1111 61 ses charges. Mais il faut plus pour faire partie de la « nation ».

599 2201 1324 58 On ne fait partie d’une nation qu’à la condition de vivre de la vie même de

546 2245 1374 61 cette nation, d’avoir les mêmes mœurs, les mêmes coutumes, les mêmes inté-

549 2297 1371 59 rêts. Les îlots ethniques font souvent partie d’un peuple, sans être de la même

543 2335 1374 65 nation, encore moins de la même nationalité. Les étrangers naturalisés dans

543 2385 1377 61 un pays font partie du peuple de ce pays, quand ils ont acquis le droit de

546 2438 1365 64 citoyen, mais ils ne font pas partie de la nation, car en maintes circonstances,

543 2484 1374 59 dans le cas de guerre avec leur pays d’origine, par exemple, ils éprouvent le

546 2531 1368 59 besoin d’être neutres dans la lutte. Tant que dure la guerre, ils sont presque

543 2575 1374 61 des étrangers dans leur pays d’adoption; et, pendant ce temps, ils ne sont pas

543 2622 427 61 capables de patriotisme.

593 2671 1327 62 Nationalité indique encore une idée plus complexe. On fait partie d’une na-

549 2721 1368 59 tion, parce qu’on est attaché au sol qu’elle occupe, qu’on se soumet à ses in-

543 2768 1377 64 stitutions et qu’on se trouve étranger avec tout le reste du monde. On ne fait

958 3379 553 67 Droits reservés eu Cnam et à ses partenaires
