2479 3508
1128 575 219 65 — 284 —

590 1186 1216 65 M. CASTAING. Le peuple hébreu a son berceau en pleine civilisation.

593 1254 1330 67 M. SCHOEBEL. La notion de nation s’est trouvée dans la haute antiquité, tout

552 1312 1368 59 aussi bien déterminée que de nos jours. Je citerai, par exemple, l’histoire des

549 1353 1371 64 frères Philènes, faisant à Carthage, leur patrie, le sacrifice de leur vie, pour

552 1406 1368 58 un simple agrandissement de territoire. Le pur patriotisme n’a pas d’exemple

549 1447 1368 67 plus complet. Du reste, la communauté de langue n’est même pas nécessaire,

552 1499 1371 62 témoin la Bretagne, qui est aussi française que n’importe quelle autre portion

549 1546 243 61 du territoire.

587 1610 1114 65 M. LE PRÉSIDENT. La parole est à M. le Dr Édouard Landowski.)

599 1680 1327 65 M. le Dr Édouard LANDOWSKI. Je voudrais bien connaître la définition exacte

549 1733 1374 59 du mot race; nous appliquons, en effet, ce mot à toutes les grandes divisions

546 1777 1371 61 et aussi aux petites. Ainsi, nous disons d’abord la race blanche, la race nègre,

552 1821 1371 67 la race jaune, puis la race caucasique; puis nous allons plus loin : nous disons

546 1865 1380 67 Ia race germanique, puis la race aryenne; enfin nous allons jusqu’à dire la race

549 1926 488 56 noble, la race de la noblesse .

596 1967 1333 61 Il me semble qu’il ne serait pas mauvais de nous entendre et d’arrêter

543 2011 924 61 définitivement la véritable signification du mot race.

590 2060 1336 62 Emploiera-t-on ce terme pour indiquer la première division des hommes en

549 2104 1374 62 espèces, en mettant complètement de côté la question de monogénisme et de

546 2157 1377 67 polygénisme, et pour désigner simplement cette première division au point

546 2201 1380 58 de vue des grands caractères physiques et moraux; ou l’emploiera-t-on, au

546 2245 1044 64 contraire, pour exprimer l’idée d’une division quelconque?

590 2294 1327 65 Je dois vous dire qu’ici je ne suis pas tout à fait d’accord avec moi-même,

546 2338 1380 64 c’est pourquoi j’évite toujours de prononcer le mot race lorsque je veux parler

552 2394 395 58 des grandes divisions.

599 2438 1324 61 Ce système n’est pas de mon invention; il a déjà été proposé par plusieurs

552 2487 1374 59 savants, je ne fais donc que profiter de ce qui a été dit. Je me sers donc du

546 2531 1380 59 mot « embranchement » qui me représente, dans ce cas, la première division

546 2581 775 58 des hommes par nations et par nationalités.

590 2625 1333 61 Le sens du mot nation a été, selon moi, très bien défini par M. Hove-

546 2669 1374 67 lacque, qui dit : « C’est la raison sociale d’un certain groupe d’individus qui

546 2718 1380 62 ont les mêmes intérêts pour s’associer. » La question de race n’a rien à faire

552 2762 1371 70 là. Supposons, par exemple, dans la péninsule ibérique, que nous prenions

967 3385 547 64 Droits reservés eu Cnam et à ses partenaires
