2479 3508
1134 572 222 65 — 290 —

561 648 1365 62 vous avez mis en discussion. A vrai dire, les circonstances sont moins favo-

558 692 1371 62 rables : le temps a manqué pour la préparation des idées, il ne se prête pas

558 733 1368 70 à ce que nous les exposions dans toute leur ampleur. Mais le discours y ga-

555 792 804 61 gnera en précision; c’est du moins un profit.

602 830 1324 64 Nous n’avons rien, vous ai-je dit, à demander aux dictionnaires; afin de

558 879 1368 65 vous donner un exemple de ce que l’on y trouve, je prends le terme bien clair

555 926 1374 65 de nation. Selon l’Académie française, la nation est la totalité des personnes

561 979 1365 58 nées ou naturalisées « dans un pays et vivant sous un même gouvernement».

602 1023 1324 61 Cela est inexact : les fils nés en France, de parents étrangers, sont étrangers

555 1069 1371 65 et ne font point partie de la nation; les fils, nés à l’étranger, d’un père fran-

555 1119 824 62 çais, sont Français et font partie de la nation.

602 1166 985 61 Le dictionnaire de M. Littré est encore moins heureux :

584 1224 1348 73 La nation, dit-il, est une réunion d’hommes habitant un même territoire, soumis ou

552 1271 1386 73 non à un même gouvernement, mais ayant depuis longtemps des intérêts assez com-

555 1318 1011 61 muns pour qu’on puisse les considérer comme de la même race.

599 1382 1333 67 Il faut renoncer à discuter un pareil galimatias. Les autres ne valant pas

549 1432 570 67 mieux, passons-les sous silence.

599 1479 836 64 Le premier terme à examiner est celui de race.

605 1525 1321 68 L’étymologie est un peu vague, mais le sens primitif est parfaitement dé-

561 1578 1365 61 terminé: c’est celui de lignée, descendance rattachant à des ancêtres communs

555 1622 1368 61 tous les individus qui composent la race. Toutes les langues de l’antiquité

555 1669 1368 61 eurent des termes correspondant exactement à cette idée et ne contenant

558 1721 1368 59 rien de plus. Les Latins disaient genus, et lorsqu’ils voulaient faire intervenir

549 1756 1380 71 la notion de caractères extérieurs ou de forme, ils disaient species, qui signifie

549 1812 205 61 apparence.

605 1862 1324 58 Mais le sens a bien changé depuis lors. A la suite d’évolutions et de progrès

558 1911 1368 56 dont je n’ai pas à vous faire l’exposé, les mots genus et species et leurs rempla-

555 1952 1374 62 çants modernes, genre, espèce et race, ont revêtu des significations tout à fait

558 2005 1368 58 nouvelles. Contrairement à l’étymologie, genre est devenu l’expression d’agré-

552 2052 1374 61 gations, de groupes, que les liens de la génération n’unissent pas entre eux

549 2096 1380 58 et dont tous les rapports se résument en des analogies de forme, d’organes et

555 2145 237 59 de fonctions.

602 2201 1324 58 Espèce, au contraire, renferme nécessairement l’idée de génération, non pas

558 2250 1365 59 qu’il soit nécessaire, comme on l’a dit à tort, que tous les individus qui la com-

552 2288 1368 68 posent descendent d’ancêtres communs, mais parce qu’il faut qu’en s’unissant,

549 2341 1374 61 ils soient susceptibles de continuer l'espèce par voie générative : ce qui écarte

555 2382 1371 67 les querelles de monogénie et polygénie. La ressemblance de forme et de fonc-

549 2432 1377 61 tions y est toujours jusqu’à un certain point, mais elle est secondaire dans la

543 2481 275 59 détermination.

596 2531 1327 61 Dans la race, qui est une subdivision de l’espèce, la ressemblance des ca-

546 2575 1374 61 ractères diacritiques est plus accentuée que dans l'espèce et le genre; elle va

552 2622 1362 67 jusqu’à une apparente identité entre individus de certaines races animales.

546 2669 1377 61 Quant à la condition de génération, on l’y suppose toujours, bien qu’en réalité

546 2721 941 59 elle n’y soit pas plus indispensable que dans l'espèce.

599 2771 1324 61 Chez l’homme, la race est une agrégation d’individus présentant un en-

961 3379 553 64 Droits reservés eu Cnam et à ses partenaires
