2479 3508
1119 575 216 68 — 291 —

540 646 1371 67 semble de caractères communs, et auxquels on suppose une généalogie com-

543 701 1368 59 mune, qui les ferait remonter à des ancêtres communs : supposition entière-

549 748 1362 58 ment gratuite et par laquelle personne n’est induit en erreur. Ainsi les Juifs,

546 789 1362 61 dont la race est fameuse entre toutes, comprennent un très grand nombre d’in-

549 844 1365 59 dividus qui ont été recrutés de tous côtés, aux temps anciens et modernes, et

543 885 1371 62 qui n’en ont pas moins les caractères physiques, intellectuels et moraux de

546 920 1368 76 la race. Inutile d’ajouter que les suppositions de races pures sont des hypo-

543 982 345 55 thèses sans appuis.

590 1023 1324 64 Ces restrictions et beaucoup d’autres s’appliquant à tous les groupes simi-

546 1064 1368 70 laires, il en résulte que race est un terme assez vague en lui-même, mais dont

543 1119 1374 64 on use, parce qu’il est commode pour les synthèses par lesquelles on procède

546 1160 559 67 à l’appréciation de ces groupes.

590 1221 1327 68 Race est donc un terme naturel, c’est-à-dire provenant de l’histoire naturelle;

549 1271 1368 70 je ne dis pas «biologique», parce que biologie est une expression malheu-

543 1315 1371 61 reuse qui ne signifie rien, si elle n’indique pas la combinaison de l’anatomie

546 1365 1371 61 et de la physiologie, et qu’aucune de ces trois sciences n’est nécessairement

546 1409 1371 61 représentée dans les détails de la race. En effet, il peut arriver que l’individu

546 1461 1219 59 compris dans une race n’y soit rattaché que par l’idiome ou l’habitat.

605 1508 1315 67 Nation est un terme dont la signification ne fait pas de difficulté, lorsqu’il

555 1566 1365 56 s’agit de peuples du groupe latin, où il exprime l’ensemble des individus

546 1607 1371 65 réunis sous un même gouvernement et sous les mêmes lois, quels que soient.

546 1657 1371 64 d’ailleurs l’habitat, l’apparence extérieure, le langage et les mœurs. Mais, hors

555 1707 1365 58 de ce groupe, la définition cesse d’être juste. Les lrlandais et même les Écos-

549 1748 1368 64 sais protesteraient contre la dénomination de nation donnée à la Grande-Bre-

555 1797 1365 62 tagne, où il y a réellement trois nations en un État. En Allemagne, en Au-

549 1841 1368 62 triche, en Russie, le lien national est plein d’artifices, et sa dissolution ne

558 1888 1362 64 ferait pas crier au miracle. Ne parlons pas de la Turquie, où l’unité plus fac-

558 1938 1359 64 tice encore ne dépend que de l’action d’un sabre qui est déjà fortement émoussé.

596 1990 1327 59 En réalité, nation est un terme du droit des gens, qui ne reçoit sa véri-

552 2037 1362 67 table acception que sous les cieux où règne la raison écrite, le droit romain,

558 2093 1365 55 avec ses immortels principes. Partout où la législation conserve les traces du

558 2139 1368 59 régime féodal, de l’organisation patriarcale ou des formes de l’Orient, la no-

555 2177 1371 65 tion de nation n’existe que chez les hommes d’étude, elle n’est pas dans le

555 2230 1128 70 peuple même et ne reçoit jamais la plénitude de son application.

599 2283 1330 61 Peuple est une expression élastique dont les significations sont très variées;

552 2335 1152 62 parfois on l’identifie à nation; mais celle-ci vaut beaucoup mieux.

599 2379 1333 67 L' État n’est, à vrai dire, que le gouvernement. Dans le groupe latin, il est

555 2432 1374 61 corrélatif à nation. Ailleurs, la même relation n’est plus aussi exacte, à raison

555 2478 1374 62 des motifs déjà énoncés. L’Allemagne a des petits États dans un grand qui les

555 2522 1374 65 domine. L'Angleterre, les États-Unis d’Amérique et la Suisse sont des fédéra-

555 2569 1374 62 tions d’États ; tout cela dérive du moyen âge gothique. La Pologne est une

555 2616 1371 64 nation qui n’a point d’État, la Hongrie est un État sans nation, ou, ce qui

555 2666 1374 61 revient au même, avec une douzaine de nations et de races diverses. Ici en-

555 2709 1377 71 core, le droit romain donne seul la notion du principe et l’application de la

561 2765 123 58 chose.

1727 2838 73 61 19.

958 3379 553 67 Droits reservés eu Cnam et à ses partenaires
